@book{he1,
  title={计算机的发展史和未来展望},
  author={邢羽璇},
  Journal={ 电脑迷},
  year={2018},
  Issue={11},
  Pages={232},
}
@article{he2,
Title={计算机发展对学生创新能力的影响探析},
Author={廉侃超},
Author Address={运城学院公共计算机教学部},
Journal{现代计算机(专业版)},
Year={2017},
Issue={06},
Pages={50-53},
}
@article{he3,
	title={计算思维与大学计算机基础},
	author={李波},
	journal={中国大学教学},
	volume={15},
	number={1},
	pages={7-11},
	year={2011},
}
@book{he4,
	title={The Development Trend of the 21st Century Computer Art},
	author={Deng, Weiming},
	publisher={Springer Berlin Heidelberg},
	year={2013},
}
@article{he5,
	title={Computer Studies of Turing Machine Problems},
	author={Lin, Shen and Rado, Tibor},
	journal={Journal of the Acm},
	volume={12},
	number={2},
	pages={196-212},
}